@article{zhou2015cnnlocalization,
  title={{Learning Deep Features for Discriminative Localization.}},
  author={Zhou, B. and Khosla, A. and Lapedriza. A. and Oliva, A. and Torralba, A.},
  journal={CVPR},
  year={2016}
}

@misc{envi_ml,
	title={Maximum Likelihood (Using ENVI) [Harris Geospatial Docs Center]},
    url={https://www.harrisgeospatial.com/docs/MaximumLikelihood.html},
    journal={Harris Geospatial Docs Center}
}

@misc{envi_md,
	title={Minimum Distance},
	url={https://www.harrisgeospatial.com/docs/MinimumDistance.html},
    journal={Harris Geospatial Docs Center}
}

@misc{envi_sam,
	title={Spectral Angle Mapper},
    url={https://www.harrisgeospatial.com/docs/SpectralAngleMapper.html},
    journal={Harris Geospatial Docs Center}
}

@misc{cdc_faq,
	title={Lyme Disease Frequently Asked Questions (FAQ)},
    url={https://www.cdc.gov/lyme/faq/index.html}
}

@article{glass1995,
	title={Environmental risk factors for Lyme disease identified with geographic information systems},
    author={Glass, G.E. et al.},
    year={1995},
    journal={American Journal of Public Health, 85(7), pp.944â€“8.}
}

@Article{Simonyan14c,
    author       = "Simonyan, K. and Zisserman, A.",
    title        = "Very Deep Convolutional Networks for Large-Scale Image Recognition",
    journal      = "CoRR",
    volume       = "abs/1409.1556",
    year         = "2014"
}

@Manual{QGIS_software,
    title = {QGIS Geographic Information System},
    author = {{QGIS Development Team}},
    organization = {Open Source Geospatial Foundation},
    year = {2009},
    url = {http://qgis.osgeo.org},
  }]}
  
@inproceedings{krizhevsky2012imagenet,
  title={Imagenet classification with deep convolutional neural networks},
  author={Krizhevsky, Alex and Sutskever, Ilya and Hinton, Geoffrey E},
  booktitle={Advances in neural information processing systems},
  pages={1097--1105},
  year={2012}
}

 @misc{ wiki:cnn,
   author = "Wikipedia",
   title = "Convolutional neural network --- Wikipedia{,} The Free Encyclopedia",
   year = "2017",
   url = "\url{https://en.wikipedia.org/w/index.php?title=Convolutional_neural_network&oldid=778472706}",
   note = "[Online; accessed 4-May-2017]"
 }
 
 @InProceedings{Oquab_2014_CVPR,
author = {Oquab, Maxime and Bottou, Leon and Laptev, Ivan and Sivic, Josef},
title = {Learning and Transferring Mid-Level Image Representations using Convolutional Neural Networks},
booktitle = {The IEEE Conference on Computer Vision and Pattern Recognition (CVPR)},
month = {June},
year = {2014}
}